% This file was created with JabRef 2.7b.
% Encoding: UTF-8

@ELECTRONIC{pandoc,
  author = {John MacFarlane},
  year = {2006-2013},
  title = {Pandoc a universal document converter},
  language = {en},
  url = {http://johnmacfarlane.net/pandoc/},
  owner = {sb},
  timestamp = {2013.12.17}
}

@ELECTRONIC{stenderprolinux,
  author = {Daniel Stender},
  month = {Juni},
  year = {2013},
  title = {PDF-Dokumente schreiben mit Pandoc und Markdown},
  language = {German},
  organization = {http://www.pro-linux.de/},
  url = "http://www.pro-linux.de/artikel/2/1635/3,bibliographie.html",
  owner = {sb},
  timestamp = {2013.12.17}
}

@WWW{ wiki:bibtex,
   author = "Wikipedia",
   title = "BibTeX --- Wikipedia{,} Die freie Enzyklop√§die",
   year = "2013",
   url = "http://de.wikipedia.org/w/index.php?title=BibTeX&oldid=124228120", 
   note = "[Online; Stand 18. Dezember 2013]"
 }

@WWW{ todo,
   author = "Stefan Blechschmidt",
   title = "Hier fehlt noch was.",
   year = "2013",
   url = "http://www.it-bayer.de", 
   note = "[Stand Mai 2014]"
 }

@WWW{ fixme,
   author = "Stefan Blechschmidt",
   title = "Hier fehlt noch was.",
   year = "2013",
   url = "http://www.it-bayer.de", 
   note = "[Stand Mai 2014]"
 }
